<record><leader>00000cas a22000007a 4500</leader><controlfield tag="001">17741031</controlfield><controlfield tag="008">880406d19351946iauwr ne      0    0eng d</controlfield><datafield ind1=" " ind2=" " tag="010"><subfield code="a">sn 88059541 </subfield></datafield><datafield ind1=" " ind2=" " tag="040"><subfield code="a">INP</subfield><subfield code="b">eng</subfield><subfield code="c">INP</subfield><subfield code="d">OCLCQ</subfield></datafield><datafield ind1=" " ind2=" " tag="042"><subfield code="a">msc</subfield></datafield><datafield ind1="0" ind2="0" tag="245"><subfield code="a">Wellsburg herald and the Grundy County spokesman.</subfield></datafield><datafield ind1="1" ind2="7" tag="246"><subfield code="a">Wellsburg herald</subfield></datafield><datafield ind1=" " ind2=" " tag="260"><subfield code="a">Wellsburg, Grundy County, Iowa :</subfield><subfield code="b">N.R. Ashby,</subfield><subfield code="c">1935-1946.</subfield></datafield><datafield ind1=" " ind2=" " tag="300"><subfield code="a">12 v.</subfield></datafield><datafield ind1=" " ind2=" " tag="310"><subfield code="a">Weekly</subfield></datafield><datafield ind1="0" ind2=" " tag="362"><subfield code="a">Vol. 29, no. 48 (Dec. 25, 1935)-v. 40, no. 8 (Feb. 6, 1946).</subfield></datafield><datafield ind1=" " ind2=" " tag="752"><subfield code="a">United States</subfield><subfield code="b">Iowa</subfield><subfield code="c">Grundy</subfield><subfield code="d">Wellsburg.</subfield></datafield><datafield ind1="0" ind2="4" tag="780"><subfield code="t">Wellsburg herald (Wellsburg, Iowa : 1906)</subfield><subfield code="w">(DLC)sn 88059540</subfield></datafield><datafield ind1="0" ind2="4" tag="780"><subfield code="t">Grundy County spokesman</subfield><subfield code="w">(DLC)sn 88059551</subfield></datafield><datafield ind1="0" ind2="0" tag="785"><subfield code="t">Wellsburg herald (Wellsburg, Iowa : 1946)</subfield><subfield code="w">(DLC)sn 88059542</subfield></datafield></record>